@article{KeletiDimOneSet,
    author = {Keleti, Tam\'{a}s},
    title = {A 1-dimensional subset of the reals that intersects each of its translates in at most a single point},
    journal = {Real Anal. Exchange},
    volume = {24},
    issue = {2},
    year = {1999},
    pages = {843-845}
}

@article{MalabikaRob,
    author = {Fraser, Robert and Pramanik, Malabika},
    title = {Large sets avoiding patterns},
    journal = {Anal. PDE},
    volume = {11},
    issue = {5},
    year = {2018},
    pages = {1083-1111}
}

@article{Mathe,
    author = {M\'{a}th\'{e}, Andr\'{a}s},
    title = {Sets of large dimension not containing polynomial configurations},
    journal = {Adv. Math.},
    volume = {316},
    year = {2017},
    pages = {691-709}
}

@book{Matilla,
    author = {Mattila, Pertti},
    year = {2015},
    title = {Fourier analysis and {Hausdorff} dimension},
    publisher = {Cambridge University Press}
}

book{Vershynin,
    author = {Vershynin, Roman},
    year = {2018},
    title = {High-Dimensional Probability: An Introduction with Applications to Data Science},
    publisher = {Cambridge Series in Statistical and Probabilistic Mathematics}
}

book{AthreyaTextbook,
    author = {Athreya, Krishna and Ney, Peter},
    year = {1972},
    title = {Branching Processes},
    publisher = {Grundlehren der mathematischen Wissenschaften}
}

@book{Harris,
    author = {Harris, Theodore},
    year = {1963},
    title = {The Theory of Branching Processes},
    publisher = {Springer-Verlag}
}

@book{Falconer,
    author = {Falconer, Kenneth},
    year = {2003},
    title = {Fractal Geometry: Mathematical Foundations and Applications},
    publisher = {Wiley}
}

@article{BaloghMorrisSamotij,
    author = {Balogh, J\'{o}zsef and Morris, Robert and Samotij, Wojciech},
    title = {Independent sets in hypergraphs},
    journal = {J. Amer. Math. Soc.},
    volume = {28},
    issue = {3},
    year = {2015},
    pages = {669-709}
}

@article{KatzTao,
    author = {Katz, Nets Hawk and Tao, Terrence},
    title = {Some connections between {Falconer's} distance set conjecture, and sets of {Furstenburg} type},
    journal = {New York J. Math.},
    volume = {7},
    year = {2001},
    pages = {149-187}
}

article{KestenStigum,
    author = {Kesten, Harry and Stigum, Bernt},
    title = {A limit theorem for multidimensional {Galton}-{Watson} processes},
    journal = {Ann. Math. Statist.},
    volume = {37},
    issue = {5},
    year = {1966},
    pages = {1211-1223}
}

@article{Maga,
    author = {Maga, P\'{e}ter},
    title = {Full dimensional sets without given patterns},
    journal = {Real Anal. Exchange},
    volume = {36},
    issue = {1},
    year = {2010},
    pages = {79-90}
}

@article{Athreya,
    author = {Athreya, Krishna},
    title = {Large deviation rates for branching processes--I. Single Type Case},
    journal = {Ann. Appl. Probab.},
    volume = {4},
    issue = {3},
    year = {1994},
    pages = {779-790}
}

@article{Biggins,
    author = {Biggins, J.D. and Bingham, N.H},
    title = {Large deviations in the supercritical branching process},
    journal = {Adv. in Appl. Probab.},
    volume = {25},
    issue = {4},
    pages = {757-772}
}

@online{TaoHausdorff,
    author = {Tao, Terrence},
    title = {245 {C}, {Notes} 5: {Hausdorff} Dimension},
    year = {2009},
    url = {https://terrytao.wordpress.com/2009/05/19/245c-notes-5-hausdorff-dimension-optional/},
    urldate = {2019-03-23}
}

@article{RuzsaSetsWithoutSquares,
    author = {Ruzsa, I. Z.},
    title = {Difference sets without squares}
}

@article{DickmanK,
    author = {Dickman, Karl},
    title = {On the Frequency of Numbers Containing Prime Factors of a Certain Relative Magnitude}
}

@article{Sudakov,
    author = {Sudakov, B. and Szemer\'{e}di, E. and Vu, V.H.},
    title = {On a Question of Erd\"{o}s and Moser}
}